% Encoding: UTF-8

@Article{Sridharan2008,
  author    = {Sridharan, Deepak and Waks, Edo},
  title     = {Generating entanglement between quantum dots with different resonant frequencies based on dipole-induced transparency},
  journal   = {Physical Review A},
  year      = {2008},
  volume    = {78},
  number    = {5},
  pages     = {052321},
  publisher = {APS},
}

@Article{Waks2006,
  author    = {Waks, Edo and Vuckovic, Jelena},
  title     = {Dipole induced transparency in drop-filter cavity-waveguide systems},
  journal   = {Physical review letters},
  year      = {2006},
  volume    = {96},
  number    = {15},
  pages     = {153601},
  publisher = {APS},
}

@Book{Nielsen2000,
  title         = {Quantum computation and quantum information},
  publisher     = {Cambridge University Press, Cambridge},
  year          = {2000},
  author        = {Nielsen, Michael A. and Chuang, Isaac L.},
  __markedentry = {[xyan:]},
}

@Unpublished{rrdoc,
  author = {Raussendorf, Robert},
  title  = {Photonic quantum computer architecture},
}

@Article{Loss1998,
  author        = {Loss, Daniel and DiVincenzo, David P.},
  title         = {Quantum computation with quantum dots},
  journal       = {Physical Review A},
  year          = {1998},
  volume        = {57},
  number        = {1},
  pages         = {120},
  __markedentry = {[xyan:6]},
  publisher     = {APS},
}

@Comment{jabref-meta: databaseType:bibtex;}
